@online{mlosrid,
  title = "Machine Learning - Systems that Improve Their Performance",
  author = "Oliver Selfridge",
  url = "http://aaai.org/AITopics/MachineLearning",
  urldate = "2011-09-03",
  date = "2011-08-15",
}
@online{netiqprio,
  title = "Use Email Message Priorities",
  author = "Heinz Tschabitscher",
  url = "http://email.about.com/od/emailnetiquette/a/Use_Email_Message_Priorities.htm",
  urldate = "2011-09-04"
}

@online{rfcheaders,
  title = "RFC 2076 - Common Internet Message Headers",
  author = "J. Palme",
  url = "http://www.faqs.org/rfcs/rfc2076.html",
  urldate = "2011-09-04",
  year = "1997"
}

@online{McCallum98acomparison,
    author = {Andrew McCallum and Kamal Nigam},
    title = { A comparison of event models for Naive Bayes text classification},
    url = "www.cs.cmu.edu/~knigam/papers/multinomial-aaaiws98.pdf",
    urldate = "2011-12-29"
    year = {1998}
}

@MISC{Duan05whichis,
    author = {Kai-bo Duan and S. Sathiya Keerthi},
    title = {Which is the best multiclass SVM method? An empirical study},
    year = {2005},
}

@customa{statsVsML,
    url = "http://brenocon.com/blog/2008/12/statistics-vs-machine-learning-fight/",
    urldate = "2012-01-30",
    date = "2008-12-3",
    author = "Brendan O'Connor",
    realtitle = "Statistics vs. Machine Learning, fight!",
    title = "O'Connor, B. (3.12.2008) Statistics vs. Machine Learning, fight! [Ajaveebi postitus]. Loetud: \url{http://brenocon.com/blog/2008/12/statistics-vs-machine-learning-fight/}, 2.1.2012",
}

@online{SXcvStatsQuote,
    url = "https://stats.stackexchange.com/questions/726/famous-statistician-quotes",
    urldate = "2011-12-29",
    title = "Famous statistician quotes",
}

@online{skienaOverfitting,
    url = "https://www.cs.sunysb.edu/~skiena/jaialai/excerpts/node16.html",
    urldate = "2011-12-18",
    date = "2001-06-04",
    title = "The Problem of Overfitting Data",
    author = "Steven Skiena",
}

@online{improvedbayesianfiltering,
    url = "http://www.paulgraham.com/better.html",
    author = "Paul Graham",
    title = "Better Bayesian Filtering",
    year = "2003",
    urldate = "2012-01-03",
}

@online{koreansvm,
    url = "http://trip2ee.tistory.com/52",
    urldate = "2011-12-02",
    title = "Support Vector Machine (SVM)",
    language = "korean",
}

@online{dtregsvm,
    url = "http://www.dtreg.com/svm.htm",
    title = "SVM - Support Vector Machines",
    urldate = "2011-12-30",
}

@online{svmparams,
    title = "SVM Parameters",
    url = "http://www.svms.org/parameters/",
    urldate = "2012-01-04",
}

@online{clfaccuracy,
    url = "https://stats.stackexchange.com/questions/16998/accuracy-of-a-random-classifier",
    urldate = "2011-12-17",
    title = "Accuracy of a random classifier",
}
@customa{peroneTF,
    author = "Christian S. Perone",
    date = "2011-09-21",
    url = "http://pyevolve.sourceforge.net/wordpress/?p=1589",
    title = "Perone, C. (21.9.2011) Text feature extraction (tf-idf) - part I [ajaveebi postitus]. Loetud: \url{http://pyevolve.sourceforge.net/wordpress/?p=1747}, 27.12.2011.",
}

@customa{peroneTFIDF,
    author = "Christian S. Perone",
    date = "2011-10-03",
    url = "http://pyevolve.sourceforge.net/wordpress/?p=1747",
    title = "Perone, C. (3.10.2011) Text feature extraction (tf-idf) - part II [ajaveebi postitus]. Loetud: \url{http://pyevolve.sourceforge.net/wordpress/?p=1747}, 27.12.2011.",
}

@online{rfc2111,
    url = "https://tools.ietf.org/html/rfc2111",
    urldate = "2011-12-30",
    year = "1997",
    month = "3",
    author = "E. Levinson",
    title = "Content-ID and Message-ID Uniform Resource Locators",
}

@online{rfc5322,
    url = "https://tools.ietf.org/html/rfc5322",
    urldate = "2012-01-01",
    year = "2008",
    month = "10",
    author = "P. Resnick",
    title = "Internet Message Format",
}

@online{rfc5321,
    url = "https://tools.ietf.org/html/rfc5321",
    urldate = "2012-01-02",
    year = "2008",
    month = "10",
    author = "J. Klensin",
    title = "Simple Mail Transfer Protocol",
}

@online{rfc1521,
    url = "https://tools.ietf.org/html/rfc1521",
    urldate = "2011-12-30",
    year = "1993",
    month = "9",
    author = "N. Borenstein and N. Freed",
    title = "MIME (Multipurpose Internet Mail Extensions) Part One:
                Mechanisms for Specifying and Describing
                 the Format of Internet Message Bodies",
}

@online{rfc2047,
    url = "https://tools.ietf.org/html/rfc2047",
    urldate = "2011-12-29",
    year = "1996",
    month = "10",
    author = "K. Moore",
    title = "MIME (Multipurpose Internet Mail Extensions) Part Three:
              Message Header Extensions for Non-ASCII Text",
}

@online{fetchmail,
    url = "http://fetchmail.berlios.de/",
    urldate = "2012-01-02",
    title =  "Fetchmail",
    date = "2011-08-21",
}

@online{pymailboxdoc,
    url = "http://docs.python.org/library/mailbox.html",
    urldate = "2012-01-03",
    title = "Python documentation - mailbox - Manipulate mailboxes in various formats",
}

@online{yahooSaveSent,
    url = "http://help.yahoo.com/l/us/yahoo/smallbusiness/bizmail/options/options-17.html",
    urldate = "2012-01-05",
    title = "Yahoo help: How do I automatically save a copy of my Sent messages?",
}

@online{verioSaveSent,
    url = "https://support.verio.com/documents/view_article.cfm?doc_id=3786",
    title = "Verio support: How do I automatically save all sent messages in the Sent Items folder?",
    urldate = "2012-01-05",
}

@online{pyMultilingualMail,
    url = "http://ginstrom.com/scribbles/2007/11/19/parsing-multilingual-email-with-python/",
    author = "Ryan Ginstrom",
    title = "Parsing multilingual email with Python",
    urldate = "2011-12-30",
    date = "2007-11-19",
}

@online{html2text,
    url = "https://github.com/aaronsw/html2text",
    urldate = "2011-12-30",
    title = "html2text",
    author = "Aaron Swartz",
}

@online{wiki-naive-bayes,
    url = "https://www.wikipedia.org/wiki/Naive_Bayes",
    urldate = "2012-01-10",
    date = "2012-01-10",
    title = "s.v. Naive Bayes",
    author = "Wikipedia",
}

@online{wiki-support-vector-machine,
    url = "http://en.wikipedia.org/wiki/Support_vector_machine",
    urldate = "2012-01-10",
    date = "2012-01-10",
    title = "s.v. Support vector machine",
    author = "Wikipedia",
}

@online{wiki-kernel-trick,
    url = "https://www.wikipedia.org/wiki/Kernel_trick",
    urldate = "2012-01-10",
    date = "2012-01-10",
    title = "s.v. Kernel trick",
    author = "Wikipedia",
}

@online{wiki-accuracy,
    url = "https://www.wikipedia.org/wiki/Accuracy",
    urldate = "2012-01-10",
    date = "2012-01-10",
    title = "s.v. Accuracy",
    author = "Wikipedia",
}

@online{wiki-precision-and-recall,
    url = "https://www.wikipedia.org/wiki/Precision_and_recall",
    urldate = "2012-01-10",
    date = "2012-01-10",
    title = "s.v. Precision and recall",
    author = "Wikipedia",
}

@online{wiki-f1-score,
    url = "https://www.wikipedia.org/wiki/F1_score",
    urldate = "2012-01-10",
    date = "2012-01-10",
    title = "s.v. F1 score",
    author = "Wikipedia",
}

@online{wiki-receiver-operating-characteristic,
    url = "https://www.wikipedia.org/wiki/Receiver_operating_characteristic",
    urldate = "2012-01-10",
    date = "2012-01-10",
    title = "s.v. Receiver operating characteristic",
    author = "Wikipedia",
}

@online{wiki-receiver-operating-characteristic-area-under-curve,
    url = "https://www.wikipedia.org/wiki/Receiver_operating_characteristic#Area_Under_Curve",
    urldate = "2012-01-10",
    date = "2012-01-10",
    title = "s.v. Receiver operating characteristic: Area Under Curve",
    author = "Wikipedia",
}

@online{wiki-term-frequency,
    url = "https://www.wikipedia.org/wiki/Term_frequency",
    urldate = "2012-01-10",
    date = "2012-01-10",
    title = "s.v. Term frequency",
    author = "Wikipedia",
}

@online{wiki-message-id,
    url = "https://www.wikipedia.org/wiki/Message-ID",
    urldate = "2012-01-10",
    date = "2012-01-10",
    title = "s.v. Message-ID",
    author = "Wikipedia",
}

@online{wiki-unicode-and-email,
    url = "https://www.wikipedia.org/wiki/Unicode_and_email",
    urldate = "2012-01-10",
    date = "2012-01-10",
    title = "s.v. Unicode and email",
    author = "Wikipedia",
}

@online{wiki-maildir,
    url = "https://www.wikipedia.org/wiki/Maildir",
    urldate = "2012-01-10",
    date = "2012-01-10",
    title = "s.v. Maildir",
    author = "Wikipedia",
}

@online{wiki-unicode,
    url = "https://www.wikipedia.org/wiki/Unicode",
    urldate = "2012-01-10",
    date = "2012-01-10",
    title = "s.v. Unicode",
    author = "Wikipedia",
}

@online{wiki-html-email,
    url = "https://www.wikipedia.org/wiki/HTML_email",
    urldate = "2012-01-10",
    date = "2012-01-10",
    title = "s.v. HTML email",
    author = "Wikipedia",
}

@online{wikiAddSmooth,
    url = "http://en.wikipedia.org/wiki/Additive_smoothing",
    urldate = "2012-03-14",
    date = "2012-03-14",
    title = "s.v. Additive smoothing",
    author = "Wikipedia",
}

@online{wikiCrossValidation,
    url = "http://en.wikipedia.org/wiki/Cross-validation_(statistics)",
    urldate = "2012-03-14",
    date = "2012-03-14",
    title = "s.v. Cross-validation (statistics)",
    author = "Wikipedia",
}

@online{wiki-python-programming-language,
    url = "https://www.wikipedia.org/wiki/Python_(programming_language)",
    urldate = "2012-01-10",
    date = "2012-01-10",
    title = "s.v. Python \mbox{(programming language)}",
    author = "Wikipedia",
}

@online{readheaders,
    url = "https://www.uic.edu/depts/accc/newsletter/adn29/headers.html",
    urldate = "2011-12-28",
    year = "2000",
    title = "Reading Email Headers",
}

@online{maildir,
    url = "http://cr.yp.to/proto/maildir.html",
    author = "D. J. Bernstein",
    title = "Using maildir format",
}

@misc{JLember2008,
    title = "TEHISÕPE",
    year = "2008",
    author = "Jüri Lember",
    note = "loengukonspekt",
}

@online{SXrandClassif,
    url = "https://stats.stackexchange.com/questions/16998/accuracy-of-a-random-classifier",
    title = "Accuracy of a random classifier",
    urldate = "2012-02-12",
}

@online{RapidLeafGender,
    title = "Introducing the Utilities API",
    url = "http://blog.rapleaf.com/dev/2011/01/25/introducing-the-utilities-api/",
    urldate = "2012-03-08",
    date = "2011-01-25",
}

@online{sklearnMNB,
    url = "http://scikit-learn.org/dev/modules/generated/sklearn.naive_bayes.MultinomialNB.html",
    urldate = "2012-03-04",
    title = "scikit-learn documentation: naive bayes MultinomialNB",
}

@online{SYoo2010,
    title = "Machine Learning Methods for Personalized Email Prioritization",
    author = "Shinjae Yoo",
    date = "2010-06-10",
    urldate = "2012-03-08",
    url = "www.lti.cs.cmu.edu/research/thesis/2010/shinjae_yoo.pdf",
}

@online{PrInboxML,
    author = "Douglas Aberdeen and Ondrej Pacovsky and Andrew Slater",
    title = "The Learning Behind Gmail Priority Inbox",
    url = "http://research.google.com/pubs/archive/36955.pdf",
    urldate = "2012-03-12",
    location = "Zurich, Switzerland",
}

@online{MLkernels,
    url = "http://crsouza.blogspot.com/2010/03/kernel-functions-for-machine-learning.html",
    urldate = "2012-04-03",
    title = "Kernel Functions for Machine Learning Applications",
    author = "César Souza",
}

@online{KorpelaMailHeaderRef,
    url = "http://www.cs.tut.fi/~jkorpela/headers.html",
    title = "Quick reference to Internet message headers",
    author = "Jukka Korpela",
    date = "2003-04-11",
    urldate = "2012-03-15",
}

@online{FalkPrecedence,
    title = "Understanding the Precedence Header",
    url = "http://www.returnpath.net/blog/received/2011/04/precedence/",
    author = "J. D. Falk",
    date = "2011-04-26",
    urldate = "2012-04-14",
}

@online{MaxmindGeoIP,
    url = "https://www.maxmind.com/app/geoip_country",
    title = "GeoLite Country",
    year= "2012",
    urldate = "2012-03-12",
}

@online{GuessLanguegePYPI,
    url = "http://pypi.python.org/pypi/guess-language/0.2",
    urldate = "2010-08-02",
    year = "2011",
    title = "guess-language 0.2",
}
